@article{peacock_2007_mit_lagrange,
    author =       "Thomas Peacock and Nicolas Hadjiconstantinou",
    title =        "Dynamics and Control I",
    journal =      "MIT OpenCourseWare",
    year =         "2007",
    DOI =          "https://ocw.mit.edu/courses/mechanical-engineering/2-003j-dynamics-and-control-i-spring-2007/lecture-notes/lec16.pdf"
}

@inproceedings{zhakatayev_2017_successive_linearize_MPC,
  title={Successive linearization based model predictive control of variable stiffness actuated robots},
  author={Zhakatayev, Altay and Rakhim, Bexultan and Adiyatov, Olzhas and Baimyshev, Almaskhan and Varol, Huseyin Atakan},
  booktitle={2017 IEEE International Conference on Advanced Intelligent Mechatronics (AIM)},
  pages={1774--1779},
  year={2017},
  organization={IEEE}
}
